% BibTeX database for the paper asme2e.tex




@INBOOK{ZARATTI.LNAI.2007,
  AUTHOR =       {M. Zaratti and M. Fratarcangeli and L. Iocchi},
  TITLE =        {RoboCup 2006: Robot Soccer World Cup X, LNAI},
  CHAPTER =      {A 3D Simulator of Multiple Legged Robots based on USARSim},
  pages =        {13--24},
  PUBLISHER =    {Springer},
  YEAR =         {2007},
  volume =       {4434},
}

@INBOOK{CARPIN.LNAI.2006,
  AUTHOR =       {S. Carpin and J. Wang and M. Lewis and A. Birk and A. Jacoff},
  TITLE =        {Robocup 2005: Robot Soccer World Cup IX, LNAI},
  CHAPTER =      {{High Fidelity Tools for Rescue Robotics: Results and Perspectives}},
  pages =        {301--311},
  PUBLISHER =    {Springer},
  YEAR =         {2006},
  volume =       {4020},
}

@INPROCEEDINGS{WANG.WSC.2003,
  AUTHOR =       {J. Wang and M. Lewis and J. Gennari},
  TITLE =        {{A Game Engine Based Simulation of the NIST Urban Search and Rescue Arenas}},
  BOOKTITLE =    {Proceedings of the 2003 Winter Simulation Conference},
  YEAR =         {2003},
  volume =       {1},
  pages =        {1039--1045},
}

@INPROCEEDINGS{LEWIS.ICHC.2003,
  AUTHOR =       {M. Lewis and K. Sycara and I. Nourbakhsh},
  TITLE =        {{Developing a Testbed for Studying Human-Robot Interaction in Urban Search and Rescue}},
  BOOKTITLE =    {Proceedings of the 10$^{th}$ International Conference on Human Computer Interaction},
  YEAR =         {2003},
  pages =        {22--27},
}

@MANUAL{KarmEngine,
  TITLE =        {MathEngine Karma \texttrademark User Guide},
  organization = {Epic Games},
  month =        {March},
  year =         {2002},
}

@CONFERENCE{QUIGLEY.ICRA.2009,
  author =       {M. Quigley and B. Gerkey and K. Conley and J. Faust and T. Foote and
J. Leibs and E. Berger and R. Wheeler and A. Y. Ng},
  title =        {{ROS: an open-source Robot Operating System}},
  booktitle =    {ICRA Workshop on Open Source Software},
  year =         {2009},
}


@INBOOK{QUIGLEY.AAAI.2007,
  AUTHOR =       {M. Quigley and E. Berger and and A. Y. Ng},
  TITLE =        {AAAI 2007 Robotics Workshop},
  CHAPTER =      {STAIR: Hardware and Software Architecture},
  pages =        {6--23},
  YEAR =         {2007},
  volume =       {85},
  number =       {1},
}

@INPROCEEDINGS{WYOBEK.ICRA.2008,
  AUTHOR =       {K. Wyobek and E. Berger and H. V. der Loos and K. Salisbury},
  TITLE =        {{Towards a Personal Robotics Development Platform: Rationale and Design of an
Intrinsically Safe Personal Robot}},
  BOOKTITLE =    {Proceedings of the IEEE International Conference on Robotics and Automation (ICRA)},
  YEAR =         {2008},
  pages =        {2165--2170},
  address =      {Pasadena, CA},
}
